@article{kurose1986computer,
  title={Computer Networking},
  author={Kurose, James F and Ross, Keith W},
  journal={A Top-Down},
  year={1986},
  url = "https://bit.ly/31oJF1q"
}
@misc{ qtcreator,
    author = "Haavard Nord and Eirik Chambe-Eng",
    title = "Embedded Software Development Tools | Cross Platform IDE | Qt Creator",
    year = "2021",
    url = "https://www.qt.io/product/development-tools",
    note = "[Online; accessed 1-December-2021]"
  }
@misc{ computernetworks,
    author = "Alboaie Lenuta and Panu Andrei",
    title = "Computer Networks",
    year = "2021",
    url = "https://profs.info.uaic.ro/~computernetworks/",
    note = "[Online; accessed 1-December-2021]"
  }
@book{kreibich2010using,
  title={Using SQLite},
  author={Kreibich, Jay},
  year={2010},
  publisher={" O'Reilly Media, Inc."}
}